<record><leader>00000cas a22000007a 4500</leader><controlfield tag="001">9689847</controlfield><controlfield tag="008">830711d18891902nyuwr ne      0    0eng d</controlfield><datafield ind1=" " ind2=" " tag="010"><subfield code="a">sn 83030840 </subfield></datafield><datafield ind1=" " ind2=" " tag="040"><subfield code="a">NPU</subfield><subfield code="b">eng</subfield><subfield code="c">NPU</subfield><subfield code="d">OCLCQ</subfield></datafield><datafield ind1=" " ind2=" " tag="042"><subfield code="a">msc</subfield></datafield><datafield ind1="0" ind2=" " tag="130"><subfield code="a">Courier (New York, N.Y. : 1889)</subfield></datafield><datafield ind1="1" ind2="4" tag="245"><subfield code="a">The Courier.</subfield></datafield><datafield ind1=" " ind2=" " tag="260"><subfield code="a">Williamsbridge, N.Y. :</subfield><subfield code="b">R.C. Woodcock</subfield></datafield><datafield ind1=" " ind2=" " tag="300"><subfield code="a">v. :</subfield><subfield code="b">ill. ;</subfield><subfield code="c">49 cm.</subfield></datafield><datafield ind1=" " ind2=" " tag="310"><subfield code="a">Weekly</subfield></datafield><datafield ind1="1" ind2=" " tag="362"><subfield code="a">Began in 1889; ceased in 1902?</subfield><subfield code="z">Cf. Caldiero, Title list of 19th century Bronx newspapers, 1975.</subfield></datafield><datafield ind1=" " ind2=" " tag="500"><subfield code="a">Published every Saturday.</subfield></datafield><datafield ind1=" " ind2=" " tag="500"><subfield code="a">Editor: R.C. Woodcock, 1889-</subfield></datafield><datafield ind1=" " ind2=" " tag="588"><subfield code="a">Description based on: Nov. 1, 1889.</subfield></datafield><datafield ind1="1" ind2=" " tag="700"><subfield code="a">Woodcock, R. C.</subfield></datafield><datafield ind1=" " ind2=" " tag="752"><subfield code="a">United States</subfield><subfield code="b">New York</subfield><subfield code="c">Westchester</subfield><subfield code="d">Williamsbridge.</subfield></datafield><datafield ind1="1" ind2=" " tag="029"><subfield code="a">AU@</subfield><subfield code="b">000025828586</subfield></datafield></record>